@misc{henning2007taschenbuch,
  address = {MÃ¼nchen},
  author = {Henning, Peter A.},
  edition = {4., aktualisierte Auflage},
  hdsurl = {https://hds.hebis.de/hlbfu/Record/HEB190703881},
  isbn = {9783446409712},
  keywords = {},
  title = {Taschenbuch Multimedia : mit zahlreichen Tabellen},
  uniqueid = {HEB190703881},
  url = {http://deposit.dnb.de/cgi-bin/dokserv?id=2949071&prov=M&dok_var=1&dok_ext=htm},
  year = 2007
}


@misc{CiteDrive2022,
  title        = {CiteDrive brings reference management to Overleaf},
  author       = {CiteDrive, Inc},
  year         = 2022,
  note         = {letzter Zugriff: (Datum angeben)},
  howpublished = {\url{https://www.citedrive.com/overleaf}}
}

@article{schnotz2001wissenserwerb,
  title={Wissenserwerb mit Multimedia},
  author={Schnotz, Wolfgang},
  journal={Unterrichtswissenschaft},
  volume={29},
  number={4},
  pages={292--318},
  year={2001}
}

@article{kohlrausch2000experimente,
  title={Experimente zur Wahrnehmbarkeit von Asynchronie in audio-visuellen Stimuli},
  author={Kohlrausch, Armin and van de Par, Steven},
  journal={Fortschritte der Akustik},
  volume={26},
  pages={316--317},
  year={2000}
}

@inproceedings{grant2003discrimination,
  title={Discrimination of auditory-visual synchrony.},
  author={Grant, Ken W and van Wassenhove, Virginie and Poeppel, David},
  booktitle={AVSP},
  pages={31--35},
  year={2003}
}

@inproceedings{lutzky2004guideline,
  title={A guideline to audio codec delay},
  author={Lutzky, Manfred and Schuller, Gerald and Gayer, Marc and Kr{\"a}mer, Ulrich and Wabnik, Stefan},
  booktitle={AES 116th convention, Berlin, Germany},
  pages={8--11},
  year={2004}
}